%% This BibTeX bibliography file was created using BibDesk.
%% http://bibdesk.sourceforge.net/


%% Created for Lauro Cesar Araujo at 2015-04-27 19:43:45 -0300 


%% Saved with string encoding Unicode (UTF-8) 

@book{pdi2006,
	Author = {R. C. Gonzalez R. E. Woods},
	Date-Added = {2017-09-23 11:34:20 +0000},
	Date-Modified = {2017-09-25 11:34:20 +0000},
	Publisher = {Prentice-Hall, Inc.},
	Title = {Digital Image Processing},
	Year = {2006}}

@book{crosta1999processamento,
  title={Processamento digital de imagens de sensoriamento remoto},
  author={Crosta, Alvaro Penteado},
  year={1999},
  publisher={UNICAMP/Instituto de Geoci{\^e}ncias}}
  
@book{felgueiras2008,
    Author = {João Garrot and Carlos Felgueiras},
    Title = {Introdução ao Processamento Digital de Imagem},
    Year = {2008},
    Publisher = {FCA}}

@phdthesis{crosta1992processamento,
  title={Processamento digital de imagens de sensoriamento remoto. S{\~a}o Paulo, 173P},
  author={CR{\'O}STA, AP},
  year={1992},
  school={Tese-Doutorado)-Instituto de Geoci{\^e}ncias, Universidade de Campinas}
}

@article{siqueiraavaliaccao,
  title={Avalia{\c{c}}{\~a}o da Amostragem Temporal na Detec{\c{c}}{\~a}o e no Rastreamento de Pessoas em V{\'\i}deos de Fundo Din{\^a}mico},
  author={Siqueira, Diego Luiz and Machado, Alexei Manso Corr{\^e}a},
  year={2015},
  publisher={PUC-MG}
}

@inproceedings{li2013video,
  title={Video segmentation by tracking many figure-ground segments},
  author={Li, Fuxin and Kim, Taeyoung and Humayun, Ahmad and Tsai, David and Rehg, James M},
  booktitle={Proceedings of the IEEE International Conference on Computer Vision},
  pages={2192--2199},
  year={2013}
}

@article{senthilkumar2014embedded,
  title={Embedded image capturing system using raspberry pi system},
  author={Senthilkumar, G and Gopalakrishnan, K and Kumar, V Sathish},
  journal={International Journal of Emerging Trends \& Technology in Computer Science},
  volume={3},
  number={2},
  pages={213--215},
  year={2014}
}

@article{shilpashree2015implementation,
  title={Implementation of Image Processing on Raspberry Pi},
  author={Shilpashree, KS and Lokesha, H and Shivkumar, Hadimani},
  journal={International Journal of Advanced Research in Computer and Communication Engineering},
  volume={4},
  number={5},
  pages={199--202},
  year={2015},
  publisher={IJARCCE}
}

@phdthesis{de2013arquitetura,
  title={Arquitetura Distribu{\'\i}da para Transcodifica{\c{c}}{\~a}o de V{\'\i}deo com Alto Desempenho},
  author={Vianna S. de M. Oliveira, João Bernardo},
  year={2013},
  school={Universidade Federal do Rio de Janeiro}
}

@book{wkpratt2007,
  Author = {Pratt, W.K.},
  Title = {Digital Image Processing},
  Year = {2007},
  Publisher = {John Wiley & Sons, Inc.}
}

@inproceedings{jabri2000detection,
  title={Detection and location of people in video images using adaptive fusion of color and edge information},
  author={Jabri, Sumer and Duric, Zoran and Wechsler, Harry and Rosenfeld, Azriel},
  booktitle={Pattern Recognition, 2000. Proceedings. 15th International Conference on},
  volume={4},
  pages={627--630},
  year={2000},
  organization={IEEE}
}

@article{deimplementaccao,
  title={Uma Implementa{\c{c}}{\~a}o de um Sistema de Contagem de Pessoas Baseado em V{\'\i}deo Processamento},
  author={de Almeida, Suellen Silva and de Melo, Victor Hugo Cunha and Mendes, Jean Carlos and Menotti, David and do Cruzeiro, Morro},
  year={2014}, 
  publisher={UFOP, MG}
}

@article{schueroff2013desenvolvimento,
  title={Desenvolvimento de um sistema de vis{\~a}o artificial para um rob{\^o} explorador},
  author={Schueroff, Joildo and others},
  year={2013},
  publisher={Ararangu{\'a}, SC}
}

@book{solomon2000fundamentos,
  title={Fundamentos de processamento digital de imagens: uma abordagem pr{\'a}tica com exemplos em Matlab},
  author={Solomon, Chris and Breckon, Toby},
  year={2000},
  publisher={Grupo Gen-LTC}
}

@book{watt1998computer,
  title={The computer image},
  author={Watt, Alan and Policarpo, Fabio},
  year={1998}, 
  publisher={Addison-Wesley Pub Co (NET)}
}

@mastersthesis{gaier2013,
  address = {Mato Grosso},
  author = {Gaier, Micael B. and Silva, Raphael S.},
  school = {Instituto Federal de Educa{\c{c}}{\~a}o, Ci{\^e}ncia e Tecnologia - DAEE},
  subtitle = {uma perspectiva de {A}rquitetura da {I}nforma{\c c}{\~a}o da {E}scola de {B}ras{\'\i}lia},
  title = {Configura{\c c}{\~a}o},
  year = {2013}
}

@misc{armv8,
title= "ARMv8 Tecnology Preview",
author= "Grisenthwaite, Richard",
year= "2011",
url= "https://www.arm.com/files/downloads/ARMv8_Architecture.pdf"
}

@misc{rapsberripi_,
title= "Raspberry Pi - ",
author= "Raspberry Pi Foundation",
year= "2017",
url= "https://www.raspberrypi.org/documentation/hardware/raspberrypi/bcm2837/README.md"
}

@misc{raspberrypi_camera,
title= "Módulo Câmera Raspberry Pi ",
author= "Raspberry Pi Foundation",
year= "2017",
url= "https://www.raspberrypi.org/documentation/hardware/camera/README.md"
}

@misc{raspberrypi_found,
title= "Raspberry Pi Foundation",
author= "Raspberry Pi Foundation",
year= "2017",
url= "https://www.raspberrypi.org/about"
}

@inproceedings{grabner2006line,
  title={On-line boosting and vision},
  author={Grabner, Helmut and Bischof, Horst},
  booktitle={Computer Vision and Pattern Recognition, 2006 IEEE Computer Society Conference on},
  volume={1},
  pages={260--267},
  year={2006},
  organization={IEEE}
}

@MISC{Babenko09visualtracking,
    author = {Boris Babenko and Ming-hsuan Yang and Serge Belongie},
    title = {Visual Tracking with Online Multiple Instance Learning},
    year = {2009}
}

@INPROCEEDINGS{Kalal10forward-backwarderror,
    author = {Zdenek Kalal and Krystian Mikolajczyk and Jiri Matas},
    title = {Forward-backward error: Automatic detection of tracking failures},
    booktitle = {In Proceedings of the 2010 20th International Conference on Pattern Recognition, ICPR ’10},
    year = {2010},
    pages = {2756--2759},
    publisher = {IEEE Computer Society}
}

@inproceedings{lu2009robust,
  title={Robust tracking based on PSO and on-line AdaBoost},
  author={Lu, Huchuan and Zhang, Wenling and Yang, Fan and Wang, Xiaojing},
  booktitle={Intelligent Information Hiding and Multimedia Signal Processing, 2009. IIH-MSP'09. Fifth International Conference on},
  pages={690--693},
  year={2009},
  organization={IEEE}
}

@article{kalal2012tracking,
  title={Tracking-learning-detection},
  author={Kalal, Zdenek and Mikolajczyk, Krystian and Matas, Jiri},
  journal={IEEE transactions on pattern analysis and machine intelligence},
  volume={34},
  number={7},
  pages={1409--1422},
  year={2012},
  publisher={IEEE}
}

@article{henriques2015high,
  title={High-speed tracking with kernelized correlation filters},
  author={Henriques, Jo{\~a}o F and Caseiro, Rui and Martins, Pedro and Batista, Jorge},
  journal={IEEE Transactions on Pattern Analysis and Machine Intelligence},
  volume={37},
  number={3},
  pages={583--596},
  year={2015},
  publisher={IEEE}
}

@article{moore1998cramming,
  title={Cramming more components onto integrated circuits},
  author={Moore, Gordon E},
  journal={Proceedings of the IEEE},
  volume={86},
  number={1},
  pages={82--85},
  year={1998},
  publisher={IEEE}
}